@Article{SabiEtAl2016,
  author       = {Sabi, Humphrey M. and Uzoka, Faith-Michael E. and Langmia, Kehbuma and Njeh, Felix M.},
  title        = {Conceptualizing a model for adoption of cloud computing in education},
  journaltitle = {International Journal of Information Management},
  year         = {2016},
  volume       = {36},
  number       = {2},
  pages        = {183--191},
  doi          = {10.1016/j.ijinfomgt.2015.11.010},
  url          = {http://www.sciencedirect.com/science/article/pii/S0268401215001115},
}

@Online{LewisFowler2014,
  author    = {Lewis, James and Fowler, Martin},
  title     = {Microservices: a definition of this new architectural term},
  date      = {2014-03-25},
  url       = {http://martinfowler.com/articles/microservices.html},
  urldate   = {2016-09-01},
}

@Online{Hykes2013,
  author    = {Solomon Hykes},
  title     = {The future of Linux Containers (PyCon 2013)},
  date      = {2013-03-21},
  url       = {https://www.youtube.com/watch?v=wW9CAH9nSLs},
  urldate   = {2016-09-01},
}

@Online{Statista,
  author = {Statista},
  date   = {Oct2022},
  title  = {Cryptocurrencies - Worldwide},
  url    = {https://www.statista.com/outlook/dmo/fintech/digital-assets/cryptocurrencies/worldwide#users},
}

@Online{CoinGecko,
  author = {CoinGecko},
  title  = {Global-Charts},
  url    = {https://www.coingecko.com/nl/global-charts},
}

@Online{Graffeo2021,
  author = {Emily Graffeo},
  date   = {2021-08-23},
  title  = {A third of young traders go to social media for investment advice — and 12% say they invest because it 'feels like a game', survey finds},
  url    = {https://markets.businessinsider.com/news/stocks/retail-investing-trends-robinhood-gamification-survey-social-media-trading-2021-8},
}

@Online{Statista2022,
  author = {Statista},
  date   = {2022-12-15},
  title  = {Cryptocurrency ownership Singapore 2021, by age group},
  url    = {https://www.statista.com/statistics/1293478/singapore-cryptocurrency-holders-by-age-group/#:~:text=In a survey conducted on,for 29.5 percent of respondents.},
}

@Online{Words2021,
  author = {Cambridge Words},
  date   = {2021-10-04},
  title  = {New words – 4 October 2021},
  url    = {https://dictionaryblog.cambridge.org/2021/10/04/new-words-4-october-2021/},
}

@Online{Suciu2022,
  author = {Peter Suciu},
  date   = {2022-10-25},
  title  = {Bad Advice: Gen Z Increasingly Relies On Social Media For Investment Strategies},
  url    = {https://www.forbes.com/sites/petersuciu/2022/10/25/bad-advice-gen-z-increasing-relies-on-social-media-for-investment-strategies/?sh=5bde3665730d},
}

@Online{Purnell2022,
  author = {Yasmine Purnell},
  date   = {2022-11-11},
  title  = {Gen Z’s Reliance on Social Media Leaving Them Most Vulnerable to Online Fraud},
  url    = {https://moneyzine.com/news/2022/10/18/gen-zs-reliance-on-social-media-leaving-them-most-vulnerable-to-online-fraud/},
}

@Online{Saul2022,
  author = {Derek Saul},
  date   = {2022-11-01},
  title  = {Musk Meme Fuels $2 Billion Gain For Dogecoin},
  url    = {https://www.forbes.com/sites/dereksaul/2022/11/01/musk-meme-fuels-2-billion-gain-for-dogecoin/?sh=40c5993965f0},
}

@Comment{jabref-meta: databaseType:biblatex;}
